
@misc{minimax,
  author = {Wikipedia},
  title = {{Minimax}},
  howpublished = "\url{https://en.wikipedia.org/wiki/Minimax/}",
  year = {2019}, 
  note = "[Online; accessed 16-Sept-2019]"
}

@misc{alphabeta,
  author = {Wikipedia},
  title = {{Alphaâ€“beta pruning}},
  howpublished = "\url{https://en.wikipedia.org/wiki/Alpha-beta_pruning/}",
  year = {2019}, 
  note = "[Online; accessed 17-Sept-2019]"
}

@misc{alphazero,
  author = {Wikipedia},
  title = {{AlphaGo Zero}},
  howpublished = "\url{https://en.wikipedia.org/wiki/AlphaGo_Zero/}",
  year = {2019}, 
  note = "[Online; accessed 1-Octo-2019]"
}
