@ARTICLE{7733128,
author={X. {Wang} and Y. {Zhang} and W. {Zhang} and X. {Lin} and C. {Chen}},
journal={IEEE Transactions on Knowledge and Data Engineering},
title={Bring Order into the Samples: A Novel Scalable Method for Influence Maximization},
year={2017},
volume={29},
number={2},
pages={243-256},
keywords={graph theory;network theory (graphs);optimisation;sampling methods;social sciences;influence maximization;viral marketing;social network;propagation model;reverse influence sampling framework;RIS framework;sketch technique;early termination condition;optimization technique;Integrated circuit modeling;Social network services;Acceleration;Mathematical model;Scalability;Optimization;Influence maximization;bottom-k;reverse influence sampling},
doi={10.1109/TKDE.2016.2624734},
ISSN={2326-3865},
month={Feb},}

@article{survey,
author = {Zheng, Yilin},
year = {2018},
month = {01},
pages = {},
title = {A Survey: Models, Techniques and Applications of Influence Maximization Problem}
}
